@Book{xie2015,
  title = {Dynamic Documents with {R} and knitr},
  author = {Davut Ayan},
  publisher = {Chapman and Hall/CRC},
  address = {Boca Raton, Florida},
  year = {2023},
  edition = {2nd},
  note = {ISBN 978-1498716963},
  url = {http://yihui.name/knitr/},
}
